@manual{jdrp-starwars,
      title = "Star Wars Redemption",
      author = "Marthym",
      url = "https://swr.ght1pc9kc.fr/2017/08/15/Starwars-Redemption-v1.2.0/",
      year = "2017",
      version = "1.2.0"
}

@manual{swr-songes-uhumele,
      title = "SWR - Songes dâ€™Uhumele",
      author = "Marthym",
      url = "https://swr.ght1pc9kc.fr/2017/04/16/Songes-de-l-uhumele/",
      year = "2017"
}

@online{swr-git-repo,
      title = "Git Star Wars Redemption",
      author = "Marthym",
      url = "https://git.framasoft.org/sw-redemption/",
      year = "2017"
}

@online{website:starwars-holonet,
      title = "Starwars Holonet",
      year = "2016",
      url = "http://www.starwars-holonet.com"
}

@online{talisman-de-muur,
      title = {\href{http://www.starwars-holonet.com/encyclopedie/technologie-talisman-muur.html}{Talisman de Muur}},
      url = "http://www.starwars-holonet.com/encyclopedie/technologie-talisman-muur.html"
}

@online{website:wookieepedia,
      title = "Wookieepedia",
      url = "http://starwars.wikia.com/wiki/Muur_Talisman"
}

@online{vexod14-deviantart,
      author = "Vexod14",
      title = "Destroyer Class Venator",
      month = "08",
      year = "2013",
      url = "http://vexod14.deviantart.com/art/Destroyer-Class-Venator-393060357" 
}

@online{phibesone-deviantart,
      author = "phibesone",
      title = "Infected",
      month = "06",
      year = "2011",
      url = "http://phibesone.deviantart.com/art/Infected-212616775" 
}

@online{quarter-virus-deviantart,
      author = "Quarter-Virus",
      title = "Commission - Vakrian",
      month = "06",
      year = "2012",
      url = "http://quarter-virus.deviantart.com/art/Commission-Vakrian-306396077" 
}

@online{blue-rogue-vyse-deviantart,
      author = "BlueRogueVyse",
      title = "Yet another ice cave environment",
      month = "02",
      year = "2013",
      url = "http://blueroguevyse.deviantart.com/art/Yet-another-ice-cave-environment-355058494" 
}

@online{terrydodson-deviantart,
      author = "TerryDodson",
      title = "Star Wars 20 Cover",
      month = "07",
      year = "2016",
      url = "http://terrydodson.deviantart.com/art/Star-Wars-20-Cover-620059777" 
}

@online{no-luck-require,
      author = "Jeff Carlisle",
      title = "No Luck Required",
      year = "2002",
      url = "http://www.jeffcarlisle.com/node/75" 
}

@online{website:swtor-codex,
      author = "deaulby",
      title = "SWTOR Codex",
      year = "2012",
      url = "http://swtor-codex.e-monsite.com/" 
}

@online{ryotazi-deviantart,
      author = "RyoTazi",
      title = "Blue Light District",
      month = "05",
      year = "2012",
      url = "http://ryotazi.deviantart.com/art/Blue-Light-District-300688336" 
}

@online{alex-linde-artstation,
      author = "Alex van der Linde",
      title = "Asteroid Field",
      month = "04",
      year = "2016",
      url = "https://www.artstation.com/artwork/asteroid-field-2" 
}

@online{dugazm-deviantart,
      author = "dugazm",
      title = "AT-ST",
      month = "01",
      year = "2008",
      url = "https://dugazm.deviantart.com/art/atst-74512800" 
}

@misc{marina-lablanche,
      author = "Marina Lablanche",
      title = "Muur Story Monolithe",
      month = "07",
      year = "2017" 
}