@manual{jdrp-starwars,
      title = "Star Wars Redemption",
      author = "Marthym",
      url = "https://github.com/Marthym/jdrp-sw-redemption",
      year = "2017",
      version = "1.1.1"
}

@online{website:starwars-holonet,
      title = "Starwars Holonet",
      year = "2016",
      url = "http://www.starwars-holonet.com"
}

@online{talisman-de-muur,
      title = {\href{http://www.starwars-holonet.com/encyclopedie/technologie-talisman-muur.html}{Talisman de Muur}},
      url = "http://www.starwars-holonet.com/encyclopedie/technologie-talisman-muur.html"
}

@online{website:wookieepedia,
      title = "Wookieepedia",
      url = "http://starwars.wikia.com/wiki/Muur_Talisman"
}

@online{vexod14-deviantart,
      author = "Vexod14",
      title = "Destroyer Class Venator",
      month = "08",
      year = "2013",
      url = "http://vexod14.deviantart.com/art/Destroyer-Class-Venator-393060357" 
}

@online{phibesone-deviantart,
      author = "phibesone",
      title = "Infected",
      month = "06",
      year = "2011",
      url = "http://phibesone.deviantart.com/art/Infected-212616775" 
}

@online{quarter-virus-deviantart,
      author = "Quarter-Virus",
      title = "Commission - Vakrian",
      month = "06",
      year = "2012",
      url = "http://quarter-virus.deviantart.com/art/Commission-Vakrian-306396077" 
}

@online{no-luck-require,
      author = "Jeff Carlisle",
      title = "No Luck Required",
      year = "2002",
      url = "http://www.jeffcarlisle.com/node/75" 
}

@online{website:swtor-codex,
      author = "deaulby",
      title = "SWTOR Codex",
      year = "2012",
      url = "http://swtor-codex.e-monsite.com/" 
}